<record><leader>00000cas a22000007a 4500</leader><controlfield tag="001">17997505</controlfield><controlfield tag="008">880525c19809999txucr ne      0    0eng d</controlfield><datafield ind1=" " ind2=" " tag="010"><subfield code="a">sn 88083593 </subfield></datafield><datafield ind1=" " ind2=" " tag="040"><subfield code="a">PPM</subfield><subfield code="b">eng</subfield><subfield code="c">PPM</subfield><subfield code="d">OCLCQ</subfield></datafield><datafield ind1=" " ind2=" " tag="042"><subfield code="a">msc</subfield></datafield><datafield ind1="0" ind2="4" tag="245"><subfield code="a">The Copperas Cove leader-press.</subfield></datafield><datafield ind1=" " ind2=" " tag="260"><subfield code="a">Copperas Cove, Tex. :</subfield><subfield code="b">Taylor Communications, Inc.,</subfield><subfield code="c">1980-</subfield></datafield><datafield ind1=" " ind2=" " tag="310"><subfield code="a">Semiweekly</subfield></datafield><datafield ind1="0" ind2=" " tag="362"><subfield code="a">Vol. 85, no. 39 (Oct. 5, 1980)-</subfield></datafield><datafield ind1=" " ind2=" " tag="515"><subfield code="a">Continues numbering of Copperas Cove press (1977).</subfield></datafield><datafield ind1=" " ind2=" " tag="580"><subfield code="a">Formed by the union of: Copperas Cove press (1977), and: Copperas Cove leader.</subfield></datafield><datafield ind1=" " ind2=" " tag="752"><subfield code="a">United States</subfield><subfield code="b">Texas</subfield><subfield code="c">Coryell</subfield><subfield code="d">Copperas Cove.</subfield></datafield><datafield ind1="1" ind2="4" tag="780"><subfield code="t">Copperas Cove press (1977)</subfield></datafield><datafield ind1="1" ind2="4" tag="780"><subfield code="t">Copperas Cove leader</subfield></datafield></record>